<?xml version="1.0" encoding="UTF-8"?><collection xmlns="http://www.loc.gov/MARC21/slim"><record><leader>00418nam--2200133-i-4500</leader><controlfield tag="001">000027180</controlfield><controlfield tag="002">20161230</controlfield><controlfield tag="005">20161230201036</controlfield><controlfield tag="008">060222s1000------------r-----000-0-eng-d</controlfield><datafield ind1=" " ind2=" " tag="100"><subfield code="a">Kofoed-hansen, O.And Nielsen, A</subfield></datafield><datafield ind1=" " ind2=" " tag="245"><subfield code="a">Construction of a spectrometer for neutrino recoils: investigation of the decay of a 37</subfield></datafield><datafield ind1=" " ind2=" " tag="260"><subfield code="a">Kobenhavn, Ejnar Munksgaard, 1955, 60p</subfield></datafield><datafield ind1=" " ind2=" " tag="490"><subfield code="a">Det Kongelige Danske ..</subfield></datafield><datafield ind1=" " ind2=" " tag="852"><subfield code="a">11955</subfield></datafield></record></collection>